@article{tmLQCD1,
title = {tmLQCD: A program suite to simulate Wilson twisted mass lattice QCD},
journal = {Computer Physics Communications},
volume = {180},
number = {12},
pages = {2717-2738},
year = {2009},
note = {40 YEARS OF CPC: A celebratory issue focused on quality software for high performance, grid and novel computing architectures},
issn = {0010-4655},
doi = {https://doi.org/10.1016/j.cpc.2009.05.016},
url = {https://www.sciencedirect.com/science/article/pii/S0010465509001647},
author = {Karl Jansen and Carsten Urbach},
keywords = {Hybrid Monte Carlo algorithm, Lattice QCD},
}

@inproceedings{tmLQCD_openmp,
  doi = {10.22323/1.187.0416},
  url = {https://doi.org/10.22323/1.187.0416},
  year = {2014},
  month = apr,
  collaboration = "ETM",
  publisher = {Sissa Medialab},
  author = {Bartosz Kostrzewa and Albert Deuzeman and Karl Jansen and Carsten Urbach},
  title = {Experiences with {OpenMP} in {tmLQCD}},
  booktitle = {Proceedings of 31st International Symposium on Lattice Field Theory {LATTICE} 2013 {\textemdash} {PoS}({LATTICE} 2013)}
}

@inproceedings{tmLQCD_recent,
  doi = {10.22323/1.187.0414},
  url = {https://doi.org/10.22323/1.187.0414},
  year = {2014},
  month = apr,
  collaboration = "ETM",
  publisher = {Sissa Medialab},
  author = {Carsten Urbach and Abdou Abdel-Rehim and Florian Burger and Albert Deuzeman and Karl Jansen and Bartosz Kostrzewa and Luigi Scorzato},
  title = {Recent development in the {tmLQCD} software suite},
  booktitle = {Proceedings of 31st International Symposium on Lattice Field Theory {LATTICE} 2013 {\textemdash} {PoS}({LATTICE} 2013)}
}

@inproceedings{tmLQCD_gpu,
  doi = {10.22323/1.430.0340},
  url = {https://doi.org/10.22323/1.430.0340},
  year = {2023},
  month = jan,
  publisher = {Sissa Medialab},
  author = {Bartosz Kostrzewa and Simone Bacchio and Jacob Finkenrath and Marco Garofalo and Ferenc Pittler and Simone Romiti and Carsten Urbach and},
  title = {Twisted mass ensemble generation on {GPU} machines},
  booktitle = {Proceedings of The 39th International Symposium on Lattice Field Theory {\textemdash} {PoS}({LATTICE}2022)}
}

@article{QUDA1,
  doi = {10.1016/j.cpc.2010.05.002},
  url = {https://doi.org/10.1016/j.cpc.2010.05.002},
  year = {2010},
  month = sep,
  publisher = {Elsevier {BV}},
  volume = {181},
  number = {9},
  pages = {1517--1528},
  author = {M.A. Clark and R. Babich and K. Barros and R.C. Brower and C. Rebbi},
  title = {Solving lattice {QCD} systems of equations using mixed precision solvers on {GPUs}},
  journal = {Computer Physics Communications}
}

@inproceedings{QUDA_scaling,
  doi = {10.1145/2063384.2063478},
  url = {https://doi.org/10.1145/2063384.2063478},
  year = {2011},
  month = nov,
  publisher = {{ACM}},
  author = {R. Babich and M. A. Clark and B. Jo{\'{o}} and G. Shi and R. C. Brower and S. Gottlieb},
  title = {Scaling lattice {QCD} beyond 100 {GPUs}},
  booktitle = {Proceedings of 2011 International Conference for High Performance Computing,  Networking,  Storage and Analysis}
}

@article{QUDA_MG,
  doi = {10.48550/ARXIV.1612.07873},
  url = {https://arxiv.org/abs/1612.07873},
  author = {Clark,  M. A. and Joó,  Bálint and Strelchenko,  Alexei and Cheng,  Michael and Gambhir,  Arjun and Brower,  Richard},
  keywords = {High Energy Physics - Lattice (hep-lat),  Computational Physics (physics.comp-ph),  FOS: Physical sciences,  FOS: Physical sciences},
  title = {Accelerating Lattice QCD Multigrid on GPUs Using Fine-Grained Parallelization},
  publisher = {arXiv},
  year = {2016},
  copyright = {arXiv.org perpetual,  non-exclusive license}
}
